\begin{thebibliography}{9}

@book{Operatingsystemconcepts,
    author={Silberschatz, Abraham. Baer Galvin, Peter. Gagne, Greg},
    title={Operating system concepts},
    edition=9,
    year=2013,
    pages="163--191",
    publisher={Jon Wiley Sons INC}
}

\end{thebibliography}
